{
  "leader": "02804cam a2200457 i 4500",
  "fields": [
    {
      "001": "ocm00412140\\"
    },
    {
      "003": "OCoLC"
    },
    {
      "005": "20221227130510.0"
    },
    {
      "008": "720921s1965\\\\\\\\ctuabc\\\\\\b\\\\\\\\001\\0\\eng\\\\"
    },
    {
      "007": "ta"
    },
    {
      "010": {
        "ind1": "\\",
        "ind2": "\\",
        "subfields": [
          {
            "a": "   65012541 "
          }
        ]
      }
    },
    {
      "040": {
        "ind1": "\\",
        "ind2": "\\",
        "subfields": [
          {
            "a": "DLC"
          },
          {
            "b": "eng"
          },
          {
            "c": "WSU"
          },
          {
            "d": "OCL"
          },
          {
            "d": "SER"
          },
          {
            "d": "OCL"
          },
          {
            "d": "UKM"
          },
          {
            "d": "OCLCQ"
          },
          {
            "d": "NLGGC"
          },
          {
            "d": "STF"
          },
          {
            "d": "UPM"
          },
          {
            "d": "UOI"
          },
          {
            "d": "TULIB"
          },
          {
            "d": "TUU"
          },
          {
            "d": "GBVCP"
          },
          {
            "d": "MUO"
          },
          {
            "d": "OCLCF"
          },
          {
            "d": "OCLCO"
          },
          {
            "d": "OCLCQ"
          },
          {
            "d": "DEBBG"
          },
          {
            "d": "OCL"
          },
          {
            "d": "OCLCO"
          },
          {
            "d": "NLC"
          },
          {
            "d": "OCLCQ"
          },
          {
            "d": "SNN"
          },
          {
            "d": "OCLCQ"
          },
          {
            "d": "U3G"
          },
          {
            "d": "IL4J6"
          },
          {
            "d": "OCLCO"
          },
          {
            "d": "KPV"
          },
          {
            "d": "OCLCA"
          },
          {
            "d": "OCLCO"
          },
          {
            "d": "OCLCQ"
          }
        ]
      }
    },
    {
      "016": {
        "ind1": "\\",
        "ind2": "\\",
        "subfields": [
          {
            "a": "(AMICUS)000004301654"
          }
        ]
      }
    },
    {
      "019": {
        "ind1": "\\",
        "ind2": "\\",
        "subfields": [
          {
            "a": "1033090794"
          },
          {
            "a": "1086688454"
          },
          {
            "a": "1172843800"
          }
        ]
      }
    },
    {
      "035": {
        "ind1": "\\",
        "ind2": "\\",
        "subfields": [
          {
            "a": "(OCoLC)412140"
          },
          {
            "z": "(OCoLC)1033090794"
          },
          {
            "z": "(OCoLC)1086688454"
          },
          {
            "z": "(OCoLC)1172843800"
          }
        ]
      }
    },
    {
      "043": {
        "ind1": "\\",
        "ind2": "\\",
        "subfields": [
          {
            "a": "a-ph---"
          }
        ]
      }
    },
    {
      "050": {
        "ind1": "\\",
        "ind2": "4",
        "subfields": [
          {
            "a": "DS685"
          },
          {
            "b": ".F7 1965"
          }
        ]
      }
    },
    {
      "082": {
        "ind1": "0",
        "ind2": "4",
        "subfields": [
          {
            "a": "959.903"
          },
          {
            "b": "FRI"
          }
        ]
      }
    },
    {
      "100": {
        "ind1": "1",
        "ind2": "\\",
        "subfields": [
          {
            "a": "Friend, Theodore,"
          },
          {
            "e": "author."
          }
        ]
      }
    },
    {
      "245": {
        "ind1": "1",
        "ind2": "0",
        "subfields": [
          {
            "a": "Between two empires :"
          },
          {
            "b": "the ordeal of the Philippines, 1929-1946 /"
          },
          {
            "c": "Theodore Friend."
          }
        ]
      }
    },
    {
      "260": {
        "ind1": "\\",
        "ind2": "\\",
        "subfields": [
          {
            "a": "New Haven :"
          },
          {
            "b": "Yale University Press,"
          },
          {
            "c": "1965."
          }
        ]
      }
    },
    {
      "300": {
        "ind1": "\\",
        "ind2": "\\",
        "subfields": [
          {
            "a": "xviii, 312 pages :"
          },
          {
            "b": "illustrations, maps, portraits ;"
          },
          {
            "c": "25 cm"
          }
        ]
      }
    },
    {
      "336": {
        "ind1": "\\",
        "ind2": "\\",
        "subfields": [
          {
            "a": "text"
          },
          {
            "b": "txt"
          },
          {
            "2": "rdacontent"
          }
        ]
      }
    },
    {
      "337": {
        "ind1": "\\",
        "ind2": "\\",
        "subfields": [
          {
            "a": "unmediated"
          },
          {
            "b": "n"
          },
          {
            "2": "rdamedia"
          }
        ]
      }
    },
    {
      "338": {
        "ind1": "\\",
        "ind2": "\\",
        "subfields": [
          {
            "a": "volume"
          },
          {
            "b": "nc"
          },
          {
            "2": "rdacarrier"
          }
        ]
      }
    },
    {
      "490": {
        "ind1": "1",
        "ind2": "\\",
        "subfields": [
          {
            "a": "Yale historical publications. Studies ;"
          },
          {
            "v": "22"
          }
        ]
      }
    },
    {
      "504": {
        "ind1": "\\",
        "ind2": "\\",
        "subfields": [
          {
            "a": "Includes bibliographical references (pages 276-293) and index."
          }
        ]
      }
    },
    {
      "505": {
        "ind1": "2",
        "ind2": "0",
        "subfields": [
          {
            "g": "pt. 1 :"
          },
          {
            "t": "Philippine context --"
          },
          {
            "t": "Division and coherence in Philippine society --"
          },
          {
            "t": "Division and coherence in Philippine politics --"
          },
          {
            "t": "Nationalism and its limits --"
          },
          {
            "t": "Leadership and its problems --"
          },
          {
            "g": "pt. 2 :"
          },
          {
            "t": "Crises of the Great Depression --"
          },
          {
            "t": "Dominion plans --"
          },
          {
            "t": "American exposure and Japanese expansion --"
          },
          {
            "t": "Lobbies, interests, and illusions --"
          },
          {
            "g": "pt. 3 :"
          },
          {
            "t": "Debates on independence --"
          },
          {
            "t": "First Philippine Independence Act --"
          },
          {
            "t": "Anti-pro fight: (1) Alignment of forces --"
          },
          {
            "t": "Anti-pro fight: (2) Quezon wins --"
          },
          {
            "t": "Second Independence Act --"
          },
          {
            "g": "pt. 4 : Trials of transition --"
          },
          {
            "t": "Development of the commonwealth --"
          },
          {
            "t": "Philippines and Japan's southward advance --"
          },
          {
            "t": "Dilemmas of semi-sovereignty --"
          },
          {
            "g": "pt. 5 :"
          },
          {
            "t": "Great ordeal --"
          },
          {
            "t": "Invasion --"
          },
          {
            "t": "Filipino collaboration with the Japanese --"
          },
          {
            "t": "Wartime republic: beginning and end --"
          },
          {
            "t": "Peacetime republic: beginning."
          }
        ]
      }
    },
    {
      "586": {
        "ind1": "\\",
        "ind2": "\\",
        "subfields": [
          {
            "a": "Bancroft Prize, 1966."
          }
        ]
      }
    },
    {
      "651": {
        "ind1": "\\",
        "ind2": "0",
        "subfields": [
          {
            "a": "Philippines"
          },
          {
            "x": "History"
          },
          {
            "y": "1898-1946."
          }
        ]
      }
    },
    {
      "650": {
        "ind1": "\\",
        "ind2": "0",
        "subfields": [
          {
            "a": "Nationalism"
          },
          {
            "z": "Philippines."
          }
        ]
      }
    },
    {
      "650": {
        "ind1": "\\",
        "ind2": "7",
        "subfields": [
          {
            "a": "Nationalism."
          },
          {
            "2": "fast"
          },
          {
            "0": "(OCoLC)fst01033832"
          }
        ]
      }
    },
    {
      "651": {
        "ind1": "\\",
        "ind2": "7",
        "subfields": [
          {
            "a": "Philippines."
          },
          {
            "2": "fast"
          },
          {
            "0": "(OCoLC)fst01205261"
          }
        ]
      }
    },
    {
      "648": {
        "ind1": "\\",
        "ind2": "7",
        "subfields": [
          {
            "a": "1898-1946"
          },
          {
            "2": "fast"
          }
        ]
      }
    },
    {
      "655": {
        "ind1": "\\",
        "ind2": "7",
        "subfields": [
          {
            "a": "History."
          },
          {
            "2": "fast"
          },
          {
            "0": "(OCoLC)fst01411628"
          }
        ]
      }
    },
    {
      "776": {
        "ind1": "0",
        "ind2": "8",
        "subfields": [
          {
            "i": "Online version:"
          },
          {
            "a": "Friend, Theodore."
          },
          {
            "t": "Between two empires."
          },
          {
            "d": "New Haven, Yale University Press, 1965"
          },
          {
            "w": "(OCoLC)576417334"
          }
        ]
      }
    },
    {
      "776": {
        "ind1": "0",
        "ind2": "8",
        "subfields": [
          {
            "i": "Online version:"
          },
          {
            "a": "Friend, Theodore."
          },
          {
            "t": "Between two empires."
          },
          {
            "d": "New Haven, Yale University Press, 1965"
          },
          {
            "w": "(OCoLC)604762602"
          }
        ]
      }
    },
    {
      "830": {
        "ind1": "\\",
        "ind2": "0",
        "subfields": [
          {
            "a": "Yale historical publications."
          },
          {
            "p": "Studies ;"
          },
          {
            "v": "22."
          }
        ]
      }
    },
    {
      "994": {
        "ind1": "\\",
        "ind2": "\\",
        "subfields": [
          {
            "a": "Z0"
          },
          {
            "b": "NYRVC"
          }
        ]
      }
    },
    {
      "948": {
        "ind1": "\\",
        "ind2": "\\",
        "subfields": [
          {
            "h": "NO HOLDINGS IN NYRVC - 819 OTHER HOLDINGS"
          }
        ]
      }
    },
    {
      "999": {
        "ind1": "\\",
        "ind2": "\\",
        "subfields": [
          {
            "a": "00000000017971"
          }
        ]
      }
    }
  ]
}